
%-----------cuestion 1----------------
@misc{cita1a,
	title = "\url{www.cypress.com/}",
}
@misc{cita1b,
	title = "\url{www.cypress.com/?rID=83650}",
}
%-----------cuestion 2----------------
@misc{cita2a,
	title = "\url{www.cypress.com/?id=4&rID=40207}",
}
%-----------cuestion 3----------------
@misc{cita3,
	title = "\url{http://www.debianhelp.co.uk/apacheab.htm}",
}
%-----------cuestion 4----------------
@misc{cita4,
	title = "\url{://man7.org/linux/man-pages/man1/dmesg.1.html}",
}
%-----------cuestion 5----------------
@misc{cita5,
	title = "\url{://windows.microsoft.com/en-us/windows/improve-computers-performance#1TC=windows-7}",
}
%-----------cuestion 6----------------
@misc{cita6aa,
	title = "\url{://www.openssh.com/security.html}",
}
@misc{cita6bb,
	title = "\url{://www.telnet.org/htm/faq.htm}",
}
@misc{cita6cc,
	title = "\url{://en.wikipedia.org/wiki/Telnet}",
}
@misc{cita6dd,
	title = "\url{://en.wikipedia.org/wiki/Secure_Shell}",
}
%-----------cuestion 7----------------
@misc{cita7a,
	title = "\url{http://stackoverflow.com/questions/11563963/writing-a-binary-file-in-c-very-fast}",
}